@article{pimm2015many,
  title={How many plant species are there, where are they, and at what rate are they going extinct?},
  author={Pimm, Stuart L and Joppa, Lucas N},
  journal={Annals of the Missouri Botanical Garden},
  volume={100},
  number={3},
  pages={170--176},
  year={2015},
  publisher={BioOne}
}

@phdthesis{dyrmann2017automatic,
  title={Automatic detection and classification of weed seedlings under natural light conditions},
  author={Dyrmann, Mads},
  year={2017},
  school={University of Southern Denmark}
}

@article{bah2018deep,
  title={Deep learning with unsupervised data labeling for weed detection in line crops in UAV images},
  author={Bah, M Dian and Hafiane, Adel and Canals, Raphael},
  journal={Remote sensing},
  volume={10},
  number={11},
  pages={1690},
  year={2018},
  publisher={Multidisciplinary Digital Publishing Institute}
}

@inproceedings{xiao2010hog,
  title={HOG-based approach for leaf classification},
  author={Xiao, Xue-Yang and Hu, Rongxiang and Zhang, Shan-Wen and Wang, Xiao-Feng},
  booktitle={International Conference on Intelligent Computing},
  pages={149--155},
  year={2010},
  organization={Springer}
}

@inproceedings{kumar2012leafsnap,
  title={Leafsnap: A computer vision system for automatic plant species identification},
  author={Kumar, Neeraj and Belhumeur, Peter N and Biswas, Arijit and Jacobs, David W and Kress, W John and Lopez, Ida C and Soares, Jo{\~a}o VB},
  booktitle={European conference on computer vision},
  pages={502--516},
  year={2012},
  organization={Springer}
}

@article{kadir2013leaf,
  title={Leaf classification using shape, color, and texture features},
  author={Kadir, Abdul and Nugroho, Lukito Edi and Susanto, Adhi and Santosa, Paulus Insap},
  journal={arXiv preprint arXiv:1401.4447},
  year={2013}
}

@article{kamilaris2018deep,
  title={Deep learning in agriculture: A survey},
  author={Kamilaris, Andreas and Prenafeta-Bold{\'u}, Francesc X},
  journal={Computers and electronics in agriculture},
  volume={147},
  pages={70--90},
  year={2018},
  publisher={Elsevier}
}

@article{russakovsky2015imagenet,
  title={Imagenet large scale visual recognition challenge},
  author={Russakovsky, Olga and Deng, Jia and Su, Hao and Krause, Jonathan and Satheesh, Sanjeev and Ma, Sean and Huang, Zhiheng and Karpathy, Andrej and Khosla, Aditya and Bernstein, Michael and others},
  journal={International journal of computer vision},
  volume={115},
  number={3},
  pages={211--252},
  year={2015},
  publisher={Springer}
}

@article{guo2010completed,
  title={A completed modeling of local binary pattern operator for texture classification},
  author={Guo, Zhenhua and Zhang, Lei and Zhang, David},
  journal={IEEE transactions on image processing},
  volume={19},
  number={6},
  pages={1657--1663},
  year={2010},
  publisher={IEEE}
}

@inproceedings{li2010selection,
  title={Selection of gabor filters for improved texture feature extraction},
  author={Li, Weitao and Mao, Kezhi and Zhang, Hong and Chai, Tianyou},
  booktitle={2010 IEEE International Conference on Image Processing},
  pages={361--364},
  year={2010},
  organization={IEEE}
}

@article{satpute2016color,
  title={Color, size, volume, shape and texture feature extraction techniques for fruits: a review},
  author={Satpute, Manali R and Jagdale, Sumati M},
  journal={Int. Res. J. Eng. Technol},
  volume={3},
  pages={703--708},
  year={2016}
}

@article{angermueller2016deep,
  title={Deep learning for computational biology},
  author={Angermueller, Christof and P{\"a}rnamaa, Tanel and Parts, Leopold and Stegle, Oliver},
  journal={Molecular systems biology},
  volume={12},
  number={7},
  pages={878},
  year={2016}
}

@article{wang2017origin,
  title={On the origin of deep learning},
  author={Wang, Haohan and Raj, Bhiksha},
  journal={arXiv preprint arXiv:1702.07800},
  year={2017}
}

@article{szegedy2013intriguing,
  title={Intriguing properties of neural networks},
  author={Szegedy, Christian and Zaremba, Wojciech and Sutskever, Ilya and Bruna, Joan and Erhan, Dumitru and Goodfellow, Ian and Fergus, Rob},
  journal={arXiv preprint arXiv:1312.6199},
  year={2013}
}

@article{simonyan2014very,
  title={Very deep convolutional networks for large-scale image recognition},
  author={Simonyan, Karen and Zisserman, Andrew},
  journal={arXiv preprint arXiv:1409.1556},
  year={2014}
}
@inproceedings{szegedy2017inception,
  title={Inception-v4, inception-resnet and the impact of residual connections on learning},
  author={Szegedy, Christian and Ioffe, Sergey and Vanhoucke, Vincent and Alemi, Alexander A},
  booktitle={Thirty-first AAAI conference on artificial intelligence},
  year={2017}
}

@misc{soderkvist2001computer,
  title={Computer vision classification of leaves from swedish trees},
  author={S{\"o}derkvist, Oskar},
  year={2001}
}

@inproceedings{pawara2017comparing,
  title={Comparing Local Descriptors and Bags of Visual Words to Deep Convolutional Neural Networks for Plant Recognition.},
  author={Pawara, Pornntiwa and Okafor, Emmanuel and Surinta, Olarik and Schomaker, Lambert and Wiering, Marco},
  booktitle={ICPRAM},
  pages={479--486},
  year={2017}
}

@book{kluyver2016jupyter,
  title={Jupyter Notebooks-a publishing format for reproducible computational workflows.},
  author={Kluyver, Thomas and Ragan-Kelley, Benjamin and P{\'e}rez, Fernando and Granger, Brian E and Bussonnier, Matthias and Frederic, Jonathan and Kelley, Kyle and Hamrick, Jessica B and Grout, Jason and Corlay, Sylvain and others},
  volume={2016},
  year={2016}
}

@article{paszke2017automatic,
  title={Automatic differentiation in pytorch},
  author={Paszke, Adam and Gross, Sam and Chintala, Soumith and Chanan, Gregory and Yang, Edward and DeVito, Zachary and Lin, Zeming and Desmaison, Alban and Antiga, Luca and Lerer, Adam},
  year={2017}
}

@misc{howard2018fastai,
  title={fastai},
  author={Howard, Jeremy and others},
  year={2018},
  publisher={GitHub},
  howpublished={\url{https://github.com/fastai/fastai}},
}

@article{krizhevsky2012imagenet,
  title={Imagenet classification with deep convolutional neural networks},
  author={Krizhevsky, Alex and Sutskever, Ilya and Hinton, Geoffrey E},
  journal={Advances in neural information processing systems},
  volume={25},
  pages={1097--1105},
  year={2012}
}

@inproceedings{he2016deep,
  title={Deep residual learning for image recognition},
  author={He, Kaiming and Zhang, Xiangyu and Ren, Shaoqing and Sun, Jian},
  booktitle={Proceedings of the IEEE conference on computer vision and pattern recognition},
  pages={770--778},
  year={2016}
}

@article{lecun2015deep,
  title={Deep learning},
  author={LeCun, Yann and Bengio, Yoshua and Hinton, Geoffrey},
  journal={nature},
  volume={521},
  number={7553},
  pages={436--444},
  year={2015},
  publisher={Nature Publishing Group}
}
@book{goodfellow2016deep,
  title={Deep learning},
  author={Goodfellow, Ian and Bengio, Yoshua and Courville, Aaron},
  year={2016},
  publisher={MIT press}
}

@book{nielsen2015neural,
  title={Neural networks and deep learning},
  author={Nielsen, Michael A},
  volume={25},
  year={2015},
  publisher={Determination press San Francisco, CA}
}

